<record><leader>00000cas a2200000Ma 4500</leader><controlfield tag="001">971082163</controlfield><controlfield tag="006">m     o  d        </controlfield><controlfield tag="007">cr |n|||||||||</controlfield><controlfield tag="008">910620c19569999maumx p o     0   a0eng d</controlfield><datafield ind1=" " ind2=" " tag="010"><subfield code="a">sn 89003804 </subfield><subfield code="z">  2002236012</subfield></datafield><datafield ind1=" " ind2=" " tag="040"><subfield code="a">VT2</subfield><subfield code="b">eng</subfield><subfield code="c">VT2</subfield><subfield code="d">OCLCO</subfield><subfield code="d">OCLCQ</subfield><subfield code="d">AUD</subfield><subfield code="d">VT2</subfield><subfield code="d">OCLCF</subfield><subfield code="d">OTZ</subfield></datafield><datafield ind1=" " ind2=" " tag="022"><subfield code="l">0017-8101</subfield><subfield code="y">0017-8101</subfield></datafield><datafield ind1=" " ind2=" " tag="032"><subfield code="a">236640</subfield><subfield code="b">USPS</subfield></datafield><datafield ind1=" " ind2=" " tag="037"><subfield code="b">Harvard Law School Record Corp., 1585 Massachusetts Avenue, Cambridge MA 02138</subfield></datafield><datafield ind1=" " ind2=" " tag="043"><subfield code="a">n-us-ma</subfield></datafield><datafield ind1="1" ind2="4" tag="050"><subfield code="a">K8</subfield><subfield code="b">.A688</subfield></datafield><datafield ind1="1" ind2="0" tag="082"><subfield code="a">340</subfield><subfield code="2">11</subfield></datafield><datafield ind1="0" ind2=" " tag="130"><subfield code="a">Harvard law record (Online)</subfield></datafield><datafield ind1="1" ind2="0" tag="245"><subfield code="a">Harvard law record.</subfield></datafield><datafield ind1="1" ind2="3" tag="246"><subfield code="a">Harvard Law School record</subfield></datafield><datafield ind1="1" ind2=" " tag="246"><subfield code="i">Issues for Sept. 12, 2002-&lt;2008&gt; have title:</subfield><subfield code="a">Record</subfield></datafield><datafield ind1=" " ind2=" " tag="260"><subfield code="a">Cambridge, Mass. :</subfield><subfield code="b">Harvard Law School Record Corp.,</subfield><subfield code="c">1956-</subfield></datafield><datafield ind1=" " ind2=" " tag="310"><subfield code="a">Monthly (irregular),</subfield><subfield code="b">&lt;Sept. 2015-&gt;</subfield></datafield><datafield ind1=" " ind2=" " tag="321"><subfield code="a">Twelve issues each semester,</subfield><subfield code="b">1956-1960</subfield></datafield><datafield ind1=" " ind2=" " tag="321"><subfield code="a">10 times each semester,</subfield><subfield code="b">1961-</subfield></datafield><datafield ind1=" " ind2=" " tag="321"><subfield code="a">Biweekly during the school year,</subfield><subfield code="b">&lt;Apr. 21, 1989-&gt;</subfield></datafield><datafield ind1=" " ind2=" " tag="321"><subfield code="a">Weekly (24 times) during the academic year,</subfield><subfield code="b">&lt;-Apr. 25, 2002&gt;</subfield></datafield><datafield ind1=" " ind2=" " tag="336"><subfield code="a">text</subfield><subfield code="b">txt</subfield><subfield code="2">rdacontent</subfield></datafield><datafield ind1=" " ind2=" " tag="337"><subfield code="a">computer</subfield><subfield code="b">c</subfield><subfield code="2">rdamedia</subfield></datafield><datafield ind1=" " ind2=" " tag="338"><subfield code="a">online resource</subfield><subfield code="b">cr</subfield><subfield code="2">rdacarrier</subfield></datafield><datafield ind1="0" ind2=" " tag="362"><subfield code="a">Vol. 22, no. 1 (Feb. 2, 1956)-</subfield></datafield><datafield ind1=" " ind2=" " tag="500"><subfield code="a">Title from caption.</subfield></datafield><datafield ind1=" " ind2=" " tag="515"><subfield code="a">Issues for &lt;Sept. 10, 2015&gt;-Oct. 29, 2015 lack numerical designations.</subfield></datafield><datafield ind1=" " ind2=" " tag="515"><subfield code="a">Issues for Nov. 16, 2015- called also volume 4, issue 5-</subfield></datafield><datafield ind1=" " ind2=" " tag="580"><subfield code="a">Issues for &lt;Sept. 18, 2008-&gt; also available online; issues for &lt;Dec. 2011-2014?&gt; only available online; print publication resumed in 2014?</subfield></datafield><datafield ind1="1" ind2=" " tag="588"><subfield code="a">Volume 4, issue 11 (May 9, 2016).</subfield></datafield><datafield ind1="2" ind2="0" tag="610"><subfield code="a">Harvard Law School</subfield><subfield code="v">Periodicals.</subfield></datafield><datafield ind1="2" ind2="7" tag="610"><subfield code="a">Harvard Law School.</subfield><subfield code="2">fast</subfield><subfield code="0">(OCoLC)fst00540016</subfield></datafield><datafield ind1=" " ind2="0" tag="650"><subfield code="a">Law</subfield><subfield code="v">Periodicals.</subfield></datafield><datafield ind1=" " ind2="0" tag="650"><subfield code="a">Law schools</subfield><subfield code="z">Massachusetts</subfield><subfield code="v">Periodicals.</subfield></datafield><datafield ind1=" " ind2="7" tag="650"><subfield code="a">Law.</subfield><subfield code="2">fast</subfield><subfield code="0">(OCoLC)fst00993678</subfield></datafield><datafield ind1=" " ind2="7" tag="650"><subfield code="a">Law schools.</subfield><subfield code="2">fast</subfield><subfield code="0">(OCoLC)fst00994121</subfield></datafield><datafield ind1=" " ind2="7" tag="651"><subfield code="a">Massachusetts.</subfield><subfield code="2">fast</subfield><subfield code="0">(OCoLC)fst01204307</subfield></datafield><datafield ind1=" " ind2="0" tag="655"><subfield code="a">Electronic journals.</subfield></datafield><datafield ind1=" " ind2="7" tag="655"><subfield code="a">Periodicals.</subfield><subfield code="2">fast</subfield><subfield code="0">(OCoLC)fst01411641</subfield></datafield><datafield ind1="0" ind2="0" tag="780"><subfield code="t">Harvard Law School record</subfield><subfield code="w">(DLC)sn 91026188</subfield><subfield code="w">(OCoLC)15162824</subfield></datafield><datafield ind1="4" ind2="0" tag="856"><subfield code="u">http://heinonline.org/HOL/Index?index=journals/hlrec</subfield><subfield code="z">1946 to present</subfield></datafield><datafield ind1="4" ind2="0" tag="856"><subfield code="u">http://heinonline.org/HOL/Index?index=journals/hlrec</subfield><subfield code="z">1956 to present</subfield></datafield><datafield ind1="4" ind2="0" tag="856"><subfield code="u">http://heinonline.org/HOL/Index?index=journals/hlrec</subfield><subfield code="z">2002 to 2008</subfield></datafield><datafield ind1="4" ind2="0" tag="856"><subfield code="u">http://www.heinonline.org/HOL/Index?index=journals/hlrec</subfield><subfield code="z">1946 to present</subfield></datafield><datafield ind1="4" ind2="0" tag="856"><subfield code="u">http://sfx.scholarsportal.info/ottawa?url_ver=Z39.88-2004&amp;url_ctx_fmt=info:ofi/fmt:kev:mtx:ctx&amp;ctx_enc=info:ofi/enc:UTF-8&amp;ctx_ver=Z39.88-2004&amp;rfr_id=info:sid/sfxit.com:azlist&amp;sfx.ignore_date_threshold=1&amp;rft.object_id=110978977279564&amp;rft.object_portfolio_id=&amp;svc.fulltext=yes</subfield><subfield code="z">afficher! /getit uOttawa</subfield></datafield><datafield ind1=" " ind2=" " tag="887"><subfield code="a">K8.A688.</subfield></datafield></record>